@INPROCEEDINGS{ BPT96,
	AUTHOR	= {Bernard, P.-E. and Plateau, B. and Trystram, D.},
	TITLE	= {{Using Threads for developing Parallel Applications: Molecular Dynamics as a case study.}},
	YEAR	= 1996,
	PAGES	= {3--16},
	MONTH	= sep,
	EDITOR	= {Trobec, R.},
	ADDRESS	= {Gozd Martuljek, Slovenia},
	BOOKTITLE	= {Parallel Numerics},
	KEY	= 4
}

@InProceedings{ShendeMCLBK:1998,
  author = 	 {Shende, S. and Malony, A. D. and Cuny, J. and Lindlan,  K. and Beckman, P.  and Karmesin, S. },
  title = 	 {Portable Profiling and Tracing for Parallel Scientific Applications using C++},
  booktitle = 	 {Proceedings of SPDT'98: ACM SIGMETRICS Symposium on Parallel and Distributed Tools},
  pages =	 {134-145},
  year =	 1998,
  month =	 {Aug}
}

@Article{ChassinS00,
  author = 	 {Chassin de Kergommeaux, J. and de Oliveira Stein, B. and Bernard, P.E.}, 
  title = 	 {Paj\'e, an interactive visualization tool for tuning multi-threaded parallel applications},
  journal = 	 {Parallel Computing},
  year = 	 2000,
  volume =	 26,
  number =	 10,
  pages =	 {1253-1274},
  month =	 {aug}
}

@InProceedings{ChassinS:2000,
  author = 	 {Chassin de Kergommeaux, J. and de Oliveira Stein, B.},
  title = 	 {Paj\'e: an Extensible Environment for Visualizing Multi-Threaded Programs Executions},
  booktitle = 	 {Euro-Par 2000 Parallel Processing, Proc. 6th International Euro-Par Conference},
  pages =	 {133--140},
  year =	 2000,
  editor =	 {Bode, A. and Ludwig, T. Karl, W. and Wism\"uller, R.},
  volume =	 1900,
  series =	 {LNCS},
  publisher =	 {Springer}
}

@TechReport{ChassinS:2000a,
  author = 	 {Chassin de Kergommeaux, J. and Stein, B. de Oliveira},
  title = 	 {Pajé, an Extensible and Interactive and Scalable Environment for Visualizing Parallel Program Executions},
  institution =  {INRIA Rhone-Alpes},
  year = 	 2000,
  type =	 {Rapport de Recherche},
  number =	 {RR-3919},
  month =	 {april},
  note =	 {http://www.inria.fr/RRRT/publications-fra.html}
}

@TECHREPORT{ClemenconChr1996c,
  author =       "Christian Cl\'emen\c{c}on and Akiyoshi Endo and Josef
                 Fritscher and Andreas M{\"u}ller and Brian J. N.
                 Wylie",
  institution =  "Centro Svizzero di Calcolo Scientifico",
  title =        "Annai scalable run-time support for interactive
                 debugging and performance analysis of large-scale
                 parallel programs",
  year =         "1996",
  abstract-url = "http://www.cscs.ch/Official/SoftwareTech/CSCS-NEC/pubs_abs.html#tec:9604",
  address =      "CH-6928 Manno, Switzerland",
  url =          "ftp://ftp.cscs.ch/pub/CSCS/techreports/1996/TR-96-04.ps.gz",
  keywords =     "parallel program development environment; integrated
                 tools and run-time support libraries; distributed data
                 management and visualization;multi-level execution
                 performance data browsing; HPF and MPI",
  month =        apr,
  number =       "CSCS-TR-96-04",
  type =         "Technical Report",
  scope =        "f90",
}

@INPROCEEDINGS{Fahringer:1995:UTD,
  author =       "T. Fahringer and M. Haines and P. Mehrotra",
  title =        "On the Utility of Threads for Data Parallel
                 Programming",
  booktitle =    "{Conf. proc. of the 9th Int.
                 Conference on Supercomputing, Barcelona, Spain, 1995}",
  publisher =    "ACM Press, New York, NY 10036, USA",
  pages =        "51--59",
  year =         "1995",
  bibdate =      "Mon Aug 26 10:38:41 MDT 1996",
  acknowledgement = ack-nhfb,
}


@Misc{PBS,
  author =	 {Veridian Systems},
  title =	 {Portable Batch System - OpenPBS Release 2.3 - Administrator
Guide},
  howpublished = {http://pbs.mrj.com},
  year =	 2000
}

@ARTICLE{FosterKT96,
        AUTHOR             = {Foster, I and Kesselman, C. and Tuecke, S.},
        JOURNAL            = {Journal of Parallel and Distributed Computing},
        NUMBER             = 1,
        PAGES              = {70--82},
        TITLE              = {The Nexus Approach to Integrating Multithreading and Communication},
        VOLUME             = 37,
        YEAR               = 1996,
        MONTH              = aug
}

@InProceedings{GuilloudCAS:2001,
  author = 	 {Guilloud, C. and  Chassin de Kergommeaux, J and 
  Augerat, P. and  Stein, B.},
  title = 	 {Outil visuel d'administration système pour grappe de
  processeurs de grande taille},
  booktitle = 	 {RenPar'13, 13i\`emes Rencontres Francophones du Parall\'elisme des Architectures et des Syst\`emes},
  pages =	 {163--168},
  year =	 2001,
  address =	 {Paris}
}

@ARTICLE{Hackstadt:1994:NPP,
  author =       "S. T. Hackstadt and A. D. Malony",
  title =        "Next-Generation Parallel Performance Visualization:
                 {A} Prototyping Environment for Visualization
                 Development",
  journal =      "Lecture Notes in Computer Science",
  volume =       "817",
  pages =        "192--??",
  year =         "1994",
  coden =        "LNCSD9",
  ISSN =         "0302-9743",
  bibdate =      "Mon May 13 11:52:14 MDT 1996",
  acknowledgement = ack-nhfb,
}

@INPROCEEDINGS{HackstadtS94a,
  author =       "S. Hackstadt and A. Malony and B. Mohr",
  booktitle =    "Proceedings of the Scalable High Performance Computing
                 Conference (SHPCC)",
  title =        "Scalable Performance Visualization for Data-Parallel
                 Programs",
  year =         "94",
  abstract-url = "http://www.cs.uoregon.edu/~hacks/research/papers/SHPCC94/SHPCC94.html",
  address =      "Knoxville, Tennessee",
  url =          "ftp://ftp.cs.uoregon.edu/pub/malony/Papers/shpcc94.ps.gz",
  keywords =     "parallel C++",
  month =        may,
  scope =        "vis",
}

@INPROCEEDINGS{ HammondKev1995a,
	AUTHOR	= {Kevin Hammond and Hans Loidl and Andrew Partridge},
	TITLE	= {Visualising granularity in parallel programs: {A} graphical winnowing system for Haskell},
	YEAR	= 1995,
	PAGES	= {208--221},
	MONTH	= apr,
	EDITOR	= {A. P. Wim Bohm and John T. Feo},
	BOOKTITLE	= {High Performance Functional Computing}
}

@ARTICLE{Heath:1991,
	AUTHOR	= {M. T. Heath},
	TITLE	= {Visualizing the performance of parallel programs},
	JOURNAL	= {IEEE Software},
	YEAR	= 1991,
	VOLUME	= 8,
	NUMBER	= 4,
	PAGES	= {29--39}
}

@ARTICLE{Heath:1995:PPV,
  author =       "Michael T. Heath and Allen D. Malony and Diane T.
                 Rover",
  title =        "Parallel Performance Visualization: From Practice to
                 Theory",
  journal =      "IEEE parallel and distributed technology: systems and
                 applications",
  volume =       "3",
  number =       "4",
  pages =        "44--60",
  month =        "Winter",
  year =         "1995",
  coden =        "IPDTEX",
  ISSN =         "1063-6552",
  bibdate =      "Fri Apr 11 07:24:28 MDT 1997",
  acknowledgement = ack-nhfb,
  affiliation =  "Univ of Illinois at Urbana-Champaign",
  affiliationaddress = "Urbana, IL, USA",
  classification = "722.4; 723.5; 731; 921.6; C6110P (Parallel
                 programming); C6115 (Programming support); C6130B
                 (Graphics techniques); C6150N (Distributed systems
                 software); C7430 (Computer engineering)",
  corpsource =   "Illinois Univ., Urbana, IL, USA",
  journalabr =   "IEEE Parallel Distrib Technol",
  keywords =     "abstract model; Computational methods; Computer
                 simulation; data visualisation; engineering graphics;
                 evaluation models; parallel; Parallel performance
                 visualization; Parallel processing systems; parallel
                 program performance visualization; Performance;
                 performance; performance data; performance displays;
                 programming; software; software performance evaluation;
                 software tools; systems analysis; Three dimensional
                 computer graphics; tools; user centred design; user
                 involvement; Visualization; visualization",
  treatment =    "P Practical",
}

@ARTICLE{HeathMR:1995,
	AUTHOR	= {M. T. Heath and A. D. Malony and D. T. Rover},
	TITLE	= {Parallel performance visualization: From practice to theory},
	JOURNAL	= {IEEE Parallel and Distributed Technology},
	YEAR	= 1995,
	VOLUME	= 3,
	NUMBER	= 4,
	PAGES	= {44--60}
}

@ARTICLE{JZDM94,
  AUTHOR  = {R.H. Jacobson. and X.-J. Zhang and R.F. DuBose and
B.W.Matthews},
  JOURNAL = {Nature},
  PAGES   = {761-766},
  TITLE   = {{Three-dimensional Structure of $\beta$-galactosidase from
{\em E.coli}.}},
  VOLUME  = {369},
  YEAR    = {1986}
}

@INPROCEEDINGS{ Kranzlmueller:1996:ATEMPT,
	AUTHOR	= {D. Kranzlmueller and S. Grabner and J. Volkert},
	TITLE	= {Debugging massively parallel programs with {ATEMPT}},
	YEAR	= 1996,
	VOLUME	= 1067,
	PAGES	= {806--811},
	MONTH	= apr,
	EDITOR	= {H. Liddell and A. Colbrook and B. Hertzberger and P. Sloot},
	PUBLISHER	= {Springer Verlag},
	SERIES	= {Lecture Notes in Computer Science},
	BOOKTITLE	= {High-Performance Computing and Networking}
}

@INPROCEEDINGS{ Kranzlmueller:1996:PPV,
	AUTHOR	= {D. Kranzlmueller and R. Koppler and S. Grabner and C. Holzner},
	TITLE	= {Parallel Program Visualization with {MUCH}},
	YEAR	= 1996,
	VOLUME	= 1127,
	PAGES	= {148--160},
	MONTH	= sep,
	EDITOR	= {L. Boeszoermenyi},
	PUBLISHER	= {Springer Verlag},
	SERIES	= {Lecture Notes in Computer Science},
	BOOKTITLE	= {Third International ACPC Conference}
}

@TECHREPORT{MPI,
        AUTHOR             = {{MPI Forum}},
        INSTITUTION        = {University of Tennessee, Knoxville, USA},
        TITLE              = {{MPI}: a Message-Passing Interface Standard},
        YEAR               = {1995}
}

@ARTICLE{MailletT:1995,
        AUTHOR             = {Maillet, {\'E}. and Tron, C.},
        JOURNAL            = {{J}ournal of {P}arallel and {D}istributed {C}omputing},
        MONTH              = jul,
        PAGES              = {84-93},
        TITLE              = {{O}n {E}fficiently {I}mplementing {G}lobal {T}ime for {P}erformance { E}valuation on {M}ultiprocessor {S}ystems},
        VOLUME             = {28},
        YEAR               = {1995}
}

@ARTICLE{Malony:1991:TTV,
  author =       "Allen Malony and David Hammerslag and David
                 Jablonowski",
  title =        "{Traceview}: a Trace Visualization Tool",
  journal =      "IEEE Software",
  volume =       "8",
  number =       "5",
  pages =        "19--28",
  month =        sep,
  year =         "1991",
  coden =        "IESOEG",
  ISSN =         "0740-7459",
  bibdate =      "Tue Jan 9 17:09:45 MST 1996",
  acknowledgement = ack-nhfb,
}

@ARTICLE{Malony:1997:STE,
  author =       "A. D. Malony and B. Tourancheau",
  title =        "Support Tools and Environments",
  journal =      "Lecture Notes in Computer Science",
  volume =       "1300",
  pages =        "87--??",
  year =         "1997",
  coden =        "LNCSD9",
  ISSN =         "0302-9743",
  bibdate =      "Tue Apr 28 08:51:33 MDT 1998",
  acknowledgement = ack-nhfb,
}

@ARTICLE{Miller:1995:PPP,
  author =       "Barton P. Miller and Mark D. Callaghan and Jonathan M.
                 Cargille and Jeffrey K. Hollingsworth and R. Bruce
                 Irvin and Karen L. Karavanic and Krishna Kunchithapadam
                 and Tia Newhall",
  title =        "The {Paradyn} Parallel Performance Measurement Tool",
  journal =      "Computer",
  volume =       "28",
  number =       "11",
  pages =        "37--46",
  month =        nov,
  year =         "1995",
  coden =        "CPTRB4",
  ISSN =         "0018-9162",
  bibdate =      "Mon Feb 3 07:21:26 MST 1997",
  acknowledgement = ack-nhfb,
  affiliation =  "Wisconsin Univ., Madison, WI, USA",
  affiliationaddress = "Madison, USA",
  classification = "722.2; 722.4; 723; 723.1; 723.1.1; 723.5; C6110P
                 (Parallel programming); C6150N (Distributed systems
                 software)",
  journalabr =   "Computer",
  keywords =     "Automatic instrumentation control; Color computer
                 graphics; Computer aided software engineering; Computer
                 software selection and evaluation; Data abstraction;
                 Dynamic instrumentation; Flexible performance
                 information; High level languages; Insertion;
                 Large-scale parallel program; Paradyn parallel
                 performance measurement tool; Parallel performance;
                 Parallel processing systems; Performance; Performance
                 Consultant; Synchronization; User interfaces;
                 Visualization",
  thesaurus =    "Parallel programming; Software performance evaluation;
                 Software tools",
}

@Unpublished{OttogaliOSCV:2001,
  author = 	 {Ottogali, F.-G. and Olive, V. and Stein, B. de Oliveira and Chassin de Kergommeaux, J. and Vincent, J.-M.},
  title = 	 {Visualization of distributed Java applications for performance debugging},
  note = 	 {Accepté à ICCS 2001: Tools and Environments for Parallel and Distributed Programming}
}

@INPROCEEDINGS{ PALLAS,
	AUTHOR	= {Krotz-Vogel, W. and Hoppe, H-C.},
	TITLE	= {The {PALLAS} Portable Parallel Programming Environment},
	YEAR	= 1996,
	VOLUME	= 1124,
	PAGES	= {899--906},
	PUBLISHER	= {Springer Verlag},
	SERIES	= {Lecture Notes in Computer Science},
	ADDRESS	= {Lyon, France},
	BOOKTITLE	= {Sec. Int. Euro-Par Conference},
}

@ARTICLE{PVM,
        AUTHOR             = {Sunderam, V.S.},
        JOURNAL            = {Concurrency: Practice and Experience},
        MONTH              = dec,
        NUMBER             = {4},
        PAGES              = {315--339},
        TITLE              = {{PVM}: {A} {F}ramework for {P}arallel {D}istributed {C}omputing},
        VOLUME             = {2},
        YEAR               = {1990}
}

@PhdThesis{Stein:1999,
  author = 	 {de Oliveira Stein, B.},
  title = 	 {Visualisation interactive et extensible de programmes parallèles à base de processus légers},
  school = 	 {Université Joseph Fourier},
  year = 	 1999,
  address =	 {Grenoble},
  note =	 {In French. http://www-mediatheque.imag.fr}
}

@INPROCEEDINGS{SteinC98,
        AUTHOR             = {de Oliveira Stein, B. and Chassin de Kergommeaux, J.},
        BOOKTITLE          = {Parallel Computing: Fundamentals,
Applications and New Directions},
        PUBLISHER          = {Elsevier},
        TITLE              = {Interactive Visualisation Environment of
Multi-threaded parallel programs},
        PAGES              = {311--318},
        YEAR               = {1998}
}

@ARTICLE{Yan:1995:PMV,
  author =       "Jerry Yan and Sekhar Sarukkai and Pankaj Mehra",
  title =        "Performance Measurement, Visualization and Modeling of
                 Parallel and Distributed Programs using the {AIMS}
                 Toolkit",
  journal =      "Soft\-ware---Prac\-tice and Experience",
  volume =       "25",
  number =       "4",
  pages =        "429--461",
  month =        apr,
  year =         "1995",
  coden =        "SPEXBL",
  ISSN =         "0038-0644",
  bibdate =      "Sat May 31 13:36:16 MDT 1997",
  acknowledgement = ack-nhfb,
}

@Inproceedings{ a1-europar98,
	Author	= {G. G. H. Cavalheiro and Y. Denneulin and J.-L. Roch},
	Title	= {A General Modular Specification for Distributed Schedulers},
	Year	= 1998,
	Month	= sep,
	Editor	= {Springer Verlag, LNCS 980},
	Address	= {Southampton, England},
	Booktitle	= {Proceedings of Europar'98}
}

@Inproceedings{ a1-pact98,
	Author	= {F. Galil{\'e}e and J.-L. Roch and G. G. H. Cavalheiro and M. Doreille},
	Title	= {Athapascan-1: On-Line Building Data Flow Graph in a Parallel Language},
	Year	= 1998,
	Month	= oct,
	Address	= {Paris, France},
	Booktitle	= {{PACT}'98},
	Note	= {http://www-apache.imag.fr}}

@TECHREPORT{ apache,
	AUTHOR	= {Brigitte Plateau and others},
	TITLE	= {Pr\'esentation d'{APACHE}},
	YEAR	= 1993,
	NUMBER	= 1,
	MONTH	= oct,
	ADDRESS	= {Grenoble},
	TYPE	= {Rapport APACHE},
	INSTITUTION	= {IMAG},
	NOTE	= {http://www-apache.imag.fr/apache}
}

@PHDTHESIS{ arrouye,
	AUTHOR	= {Yves Arrouye},
	TITLE	= {Environnements de visualisation pour l'{\'e}valuation des performances des syst{\`e}mes parall{\`e}les: {\'e}tude, conception et r{\'e}alisation},
	YEAR	= 1995,
	MONTH	= nov,
	SCHOOL	= {INPG}
}

@UNPUBLISHED{ ath0b,
	AUTHOR	= {Jacques Briat and Ilan Ginzburg and Marcelo Pasin},
	TITLE	= {Athapascan0b User Manual},
	YEAR	= 1996,
	MONTH	= oct,
	NOTE	= {http://navajo.imag.fr/ath0b/a0b-usr.html}
}

@INPROCEEDINGS{ ath0b-europar97,
	AUTHOR	= {Jacques Briat and Ilan Ginzburg and Marcelo Pasin and Brigitte Plateau},
	TITLE	= {Athapascan runtime: efficiency for irregular
problems},
	YEAR	= 1997,
	VOLUME	= 1300,
	PAGES	= {591--600},
	MONTH	= aug,
	EDITOR	= {Christian Lengauer and others},
	PUBLISHER	= {Springer},
	SERIES	= {LNCS},
	BOOKTITLE	= {EURO-PAR'97 Parallel Processing}
}

@UNPUBLISHED{ ath1,
	AUTHOR	= {Jean-Louis Roch and Mathias Doreille and Gerson Cavalheiro},
	TITLE	= {Athapascan-1b User Manual},
	YEAR	= 1996,
	NOTE	= {http://navajo.imag.fr/ath1/ps/DocAth1.ps.gz}
}

@INPROCEEDINGS{ correct-intrusion,
	AUTHOR	= {Florin Teodorescu and Jacques Chassin de Kergommeaux},
	TITLE	= {On correcting the intrusion of tracing nondeterministic programs by software},
	YEAR	= 1997,
	VOLUME	= 1300,
	PAGES	= {94-101},
	MONTH	= aug,
	EDITOR	= {Christian Lengauer and others},
	PUBLISHER	= {Springer},
	SERIES	= {LNCS},
	BOOKTITLE	= {EURO-PAR'97 Parallel Processing}
}

@MISC{ debugger-unl,
	AUTHOR	= {Jos{\'e} C. Cunha and Jo{\~a}o Louren{\c c}o and Tiago Ant{\~a}o},
	TITLE	= {A Debugging Engine for a Parallel and Distributed Environment},
	YEAR	= 1997,
	HOWPUBLISHED	= {{\`a} para{\^\i}tre dans Parallel Computing},
	NOTE	= {ftp://ftp.cpc.wmin.ac.uk/pub/sepp/P5/appendix-C1.ps.gz}
}

@ARTICLE{ debugger-unl-2,
	AUTHOR	= {P{\'e}ter Kacsuk and Jos{\'e} C. Cunha and G{\'a}bor D{\'o}zsa and Jo{\~a}o Louren{\c c}o and Tibor Fadgyas and Tiago Ant{\~a}o},
	TITLE	= {A graphical development and debugging environment for parallel programs},
	JOURNAL	= {Parallel Computing},
	YEAR	= 1997,
	VOLUME	= 22,
	NUMBER	= 13,
	PAGES	= {1747--1770},
	MONTH	= feb,
	HOWPUBLISHED	= {{\`a} para{\^\i}tre dans Parallel Computing}
}

@ARTICLE{ debugger-unl-3,
	AUTHOR	= {Jos{\'e} C. Cunha and Jo{\~a}o Louren{\c c}o},
	TITLE	= {An Experiment in Tool Integration: the {DDBG} Parallel and Distributed Debugger.},
	JOURNAL	= {EUROMICRO Journal of Systems Architecture, 2$^{\mbox{\small nd}}$ Special Issue on Tools and Environments for Parallel Processing},
	YEAR	= 1997,
	HOWPUBLISHED	= {{\`a} para{\^\i}tre dans Parallel Computing}
}

@MISC{ eve,
	AUTHOR	= {Yves Arrouye},
	TITLE	= {The {EVE} Extensible Visual Environment},
	YEAR	= 1995,
	MONTH	= mar,
	NOTE	= {LMC-IMAG, 100, rue des math{\'e}matiques, Campus, 38041 Grenoble, France}
}

@TECHREPORT{ gthread,
	AUTHOR	= {Qiang A. Zhao and John T. Stasko},
	TITLE	= {Visualizing the Execution of Threads-based Parallel Programs},
	YEAR	= 1995,
	NUMBER	= {GIT-GVU-95-01},
	INSTITUTION	= {Georgia Institute of Technology}
}

@INPROCEEDINGS{hicss95,
  author =       "M. Haines and W. B{\"o}hm",
  title =        "An Initial Comparison of Implicit and Explicit
                 Programming Styles for Distributed Memory
                 Multiprocessors",
  pages =        "379--389",
  editor =       "Hesham El-Rewini and Bruce D. Shriver",
  booktitle =    "Proc. 28th Annual Hawaii Int.
                 Conf. on System Sciences. Volume 2: Software
                 Technology",
  month =        jan,
  publisher =    "IEEE Computer Society Press",
  address =      "Los Alamitos, CA, USA",
  year =         1995,
}

@TECHREPORT{ ncstrl.gatech_cc//GIT-CC-95-21,
	AUTHOR	= {Brad Topol and John T. Stasko and Vaidy Sunderam},
	TITLE	= {The Dual Timestamping Methodology for Visualizing Distributed Applications},
	YEAR	= 1995,
	NUMBER	= {GIT-CC-95-21},
	MONTH	= may,
	TYPE	= {Technical Report},
	INSTITUTION	= {Georgia Institute of Technology. College of Computing}
}

@TECHREPORT{ ncstrl.gatech_cc//GIT-CC-96-10,
	AUTHOR	= {Brad Topol and John T. Stasko and Vaidy Sunderam},
	TITLE	= {Monitoring and Visualization in Cluster Environments},
	YEAR	= 1996,
	NUMBER	= {GIT-CC-96-10},
	MONTH	= mar,
	TYPE	= {Technical Report},
	INSTITUTION	= {Georgia Institute of Technology. College of Computing}
}

@MANUAL{ntv,
	AUTHOR	= {Louis Lopez},
	TITLE	= {The NAS Trace Visualizer (NTV) Rel. 1.2 User's Guide},
	YEAR	= 1995,
	MONTH	= sep,
	NOTE	= {http://science.nas.nasa.gov/Pubs/TechReports/NASreports/NAS-95-018/NAS-95-018.ps}
}

@INPROCEEDINGS{pablo,
	AUTHOR	= {D. A. Reed and others},
	TITLE	= {{Scalable Performance Analysis: The Pablo Performance Analysis Environment}},
	YEAR	= 1993,
	PAGES	= {104--113},
	EDITOR	= {Anthony Skjellum},
	PUBLISHER	= {IEEE Computer Society},
	BOOKTITLE	= {Proceedings of the Scalable Parallel Libraries Conference},
	INSTITUTION	= {Department of Computer Science, University of
Illinois}

}


@TECHREPORT{ pablo-old,
	AUTHOR	= {D. A. Reed and others},
	TITLE	= {{An Overview of the Pablo Performance Analysis Environment}},
	YEAR	= 1992,
	INSTITUTION	= {Department of Computer Science, University of
Illinois}
}



@MANUAL{ paragraph,
	AUTHOR	= {M. T. Heath and J. E. Finger},
	TITLE	= {Paragraph: A Tool for Vizualizing Performance of Parallel
Programs},
	YEAR	= 1994,
	INSTITUTION	= {Oak Ridge National Laboratory}
}

@ARTICLE{ scope,
	AUTHOR	= {Yves Arrouye},
	TITLE	= {Environnements de visualisation pour l'{\'e}valuation des performances des syst{\`e}mes parall{\`e}les: {\'e}tude, conception et r{\'e}alisation},
	JOURNAL	= {Microprocessing and Microprogramming Journal},
	YEAR	= 1995,
	MONTH	= dec,
	SCHOOL	= {INPG}

}

@Techreport{sddf,
	AUTHOR	= {Ruth A. Aydt},
	TITLE	= {The Pablo Self-Defining Data Format},
	YEAR	= 1992,
	INSTITUTION	= {University of Illinois at Urbana Champaign},
	abstract-url = {http://www-pablo.cs.uiuc.edu/Publications/Documents/documents.htm}
}

@PHDTHESIS{ these-Ilan,
	AUTHOR	= {Ilan~Ginzburg},
	TITLE	= {Athapascan-0b~:~Int{\'e}gration~efficace~et~portable~de~mul\-ti\-pro\-gram- ma\-tion~l{\'e}\-g{\`e}\-re et de communications},
	YEAR	= 1997,
	MONTH	= sep,
	SCHOOL	= {INPG},
	NOTE	= {In French}
}

@MISC{ upshot,
	AUTHOR	= {Virginia Herrarte and Ewing Lusk},
	TITLE	= {Studying Parallel Program Behavior with Upshot},
	YEAR	= 1992,
	NOTE	= {http://www.mcs.anl.gov/home/lusk/upshot/upshotman/upshot.html}
}

@MANUAL{ ute,
	AUTHOR	= {C. E. Wu and H. Franke},
	TITLE	= {UTE User's Guide for IBM SP Systems},
	YEAR	= 1995,
	NOTE	= {http://www.research.ibm.com/people/w/wu/uteug.ps.Z}
}
}
